<?xml version="1.0" encoding="UTF-8"?><record xmlns="http://www.loc.gov/MARC21/slim" xmlns:cinclude="http://apache.org/cocoon/include/1.0" xmlns:zs="http://www.loc.gov/zing/srw/">
  <leader>00758nz  a2200169n  4500</leader>
  <controlfield tag="001">nb2005008641</controlfield>
  <controlfield tag="003">DLC</controlfield>
  <controlfield tag="005">20050701051645.0</controlfield>
  <controlfield tag="008">050630n| acannaabn          |a ana      </controlfield>
  <datafield tag="010" ind1=" " ind2=" ">
    <subfield code="a">nb2005008641</subfield>
  </datafield>
  <datafield tag="035" ind1=" " ind2=" ">
    <subfield code="a">(Uk)006218738</subfield>
  </datafield>
  <datafield tag="040" ind1=" " ind2=" ">
    <subfield code="a">Uk</subfield>
    <subfield code="b">eng</subfield>
    <subfield code="c">Uk</subfield>
  </datafield>
  <datafield tag="110" ind1="2" ind2=" ">
    <subfield code="a">Association of Community Enterprises in the Highlands &amp; Islands</subfield>
  </datafield>
  <datafield tag="410" ind1="1" ind2=" ">
    <subfield code="a">Great Britain.</subfield>
    <subfield code="b">Highlands and Islands Development Board.</subfield>
    <subfield code="b">Association of Community Enterprises in the Highlands &amp; Islands</subfield>
  </datafield>
  <datafield tag="410" ind1="2" ind2=" ">
    <subfield code="a">ACE-HI</subfield>
  </datafield>
  <datafield tag="670" ind1=" " ind2=" ">
    <subfield code="a">Community enterprise, 1985</subfield>
  </datafield>
  <datafield tag="670" ind1=" " ind2=" ">
    <subfield code="a">BL auth. file, 30 June 2005</subfield>
    <subfield code="b">(hdg.: Association of Community Enterprises in the Highlands &amp; Islands; refs.: Highlands and Islands Development Board. Association of Community Enterprises in the Highlands &amp; Islands; ACE-HI)</subfield>
  </datafield>
</record>